<collection xmlns="http://www.loc.gov/MARC21/slim">
<record>
  <leader>00718nam0a22002051i 450 </leader>
  <controlfield tag="001">IT\ICCU\CNCE\046180</controlfield>
  <controlfield tag="005">20120724000000.0</controlfield>
  <datafield tag="012" ind1=" " ind2=" ">
    <subfield code="a">a.o. Etno a.no l-or (S) 1573 (Q)</subfield>
    <subfield code="2">fei</subfield>
  </datafield>
  <datafield tag="100" ind1=" " ind2=" ">
    <subfield code="a">19990115f1573        0itac0103    ba</subfield>
  </datafield>
  <datafield tag="101" ind1=" " ind2=" ">
    <subfield code="a">ITA</subfield>
  </datafield>
  <datafield tag="102" ind1=" " ind2=" ">
    <subfield code="a">IT</subfield>
  </datafield>
  <datafield tag="200" ind1="1" ind2=" ">
    <subfield code="a">Grida contra quei che prestano fauore a i prigioni</subfield>
  </datafield>
  <datafield tag="210" ind1=" " ind2=" ">
    <subfield code="d">\1573!</subfield>
  </datafield>
  <datafield tag="215" ind1=" " ind2=" ">
    <subfield code="a">1 manifesto</subfield>
    <subfield code="d">atl</subfield>
  </datafield>
  <datafield tag="300" ind1=" " ind2=" ">
    <subfield code="a">Stampata a Ferrara, la data presunta si ricava da quella della registrazione manoscritta in calce</subfield>
  </datafield>
  <datafield tag="620" ind1=" " ind2=" ">
    <subfield code="a">IT</subfield>
    <subfield code="d">Ferrara</subfield>
  </datafield>
  <datafield tag="710" ind1="0" ind2="2">
    <subfield code="a">Ferrara</subfield>
    <subfield code="c"> &lt;Ducato&gt;</subfield>
    <subfield code="3">IT\ICCU\CNCT\005321</subfield>
  </datafield>
  <datafield tag="712" ind1="0" ind2="2">
    <subfield code="a">s.n.</subfield>
    <subfield code="3">IT\ICCU\CNCT\000002</subfield>
    <subfield code="4">650</subfield>
  </datafield>
  <datafield tag="801" ind1=" " ind2="3">
    <subfield code="a">IT</subfield>
    <subfield code="b">ICCU</subfield>
    <subfield code="c">20201114</subfield>
  </datafield>
  <datafield tag="899" ind1=" " ind2=" ">
    <subfield code="a">Archivio di Stato di Reggio Emilia. Reggio Emilia</subfield>
    <subfield code="1">RE0048</subfield>
    <subfield code="2">ZRE 11</subfield>
  </datafield>
</record>
</collection>
